<?xml version="1.0" encoding="UTF-8"?><collection><record><leader>07533ntm a2200637 a 4500</leader><controlfield tag="001">006803217</controlfield><controlfield tag="003">MiAaHDL</controlfield><controlfield tag="005">20190719000000.0</controlfield><controlfield tag="006">m        d        </controlfield><controlfield tag="007">cr bn ---auaua</controlfield><controlfield tag="008">090526q13161317xx            00| ||ara d</controlfield><datafield tag="035" ind1=" " ind2=" "><subfield code="a">(MiU)006803217</subfield></datafield><datafield tag="035" ind1=" " ind2=" "><subfield code="a">sdr-miu006803217</subfield></datafield><datafield tag="040" ind1=" " ind2=" "><subfield code="a">MiU</subfield><subfield code="c">MiU</subfield><subfield code="e">amremm</subfield></datafield><datafield tag="043" ind1=" " ind2=" "><subfield code="a">n-us-mi</subfield></datafield><datafield tag="100" ind1="1" ind2=" "><subfield code="6">880-01</subfield><subfield code="a">Aqṭaʻ, Aḥmad ibn Muḥammad,</subfield><subfield code="d">d. 1081.</subfield></datafield><datafield tag="245" ind1="1" ind2="0"><subfield code="6">880-03</subfield><subfield code="a">Sharḥ al-Qudūrī lil-Aqṭaʻ al-juzʼ al-thānī,</subfield><subfield code="f">[716, i.e. 1316 or 1317].</subfield></datafield><datafield tag="246" ind1="3" ind2="8"><subfield code="6">880-05</subfield><subfield code="a">Sharḥ al-Qudūrī lil-Aqṭaʻ</subfield></datafield><datafield tag="246" ind1="3" ind2=" "><subfield code="6">880-04</subfield><subfield code="i">Edge title (tail):</subfield><subfield code="a">al-Jild al-thānī min Sharḥ al-Qudūrī lil-Aqṭaʻ</subfield></datafield><datafield tag="260" ind1=" " ind2=" "><subfield code="c">[1316 or 1317].</subfield></datafield><datafield tag="300" ind1=" " ind2=" "><subfield code="a">277 leaves :</subfield><subfield code="b">paper ;</subfield><subfield code="c">260 x 185 (200 x 140) mm. bound to 270 x 195 mm.</subfield></datafield><datafield tag="500" ind1=" " ind2=" "><subfield code="a">Shelfmark: Ann Arbor, University of Michigan, Special Collections Library, Isl. Ms. 552</subfield></datafield><datafield tag="500" ind1=" " ind2=" "><subfield code="a">Origin: As appears in colophon (fol.277a), transcription completed by ("tamma hādhā al-kitāb ʻalá yad...") Muḥammad ibn Shukr [?] ibn Muʻallá Shukrlak [?] al-Dabrī [?] in the months of 716 [1316 or 17].</subfield></datafield><datafield tag="500" ind1=" " ind2=" "><subfield code="a">Accompanying materials: a. Inventory cataloguing slip in hand of Winifred Smeaton Thomas. -- b. Acquisitions slip from Yahuda.</subfield></datafield><datafield tag="500" ind1=" " ind2=" "><subfield code="a">Former shelfmark: From front flyleaf "IL 211C" (likely supplied by Yahuda).</subfield></datafield><datafield tag="500" ind1=" " ind2=" "><subfield code="a">Binding: Pasteboards covered in red textured cloth with brown leather over spine (quarter binding) ; Western style binding ; pastedowns and flyleaves in green-blue wove paper ; spine gold-stamped with title and author "شرح القدوري للاقطع" as well as gold accents flanking raised bands ; overall in fairly good condition.</subfield></datafield><datafield tag="500" ind1=" " ind2=" "><subfield code="a">Support: non-European (likely Arab) laid paper with roughly 8 laid lines per cm. (horizontal, somewhat indistinct) and grouped chain lines occasionally visible, mainly grouped in threes with 11-14 mm. between chains and 38 mm. between groups (see final leaf fol.277/p.254) cloudy formation, obvious inclusions, quite thick and sturdy, well-burnished ; added table of contents at opening supplied on folded piece of European laid paper.</subfield></datafield><datafield tag="500" ind1=" " ind2=" "><subfield code="a">Decoration: Elegant illuminated titlepiece (badly damaged but repaired) in gold, blue and white with black outlining on fol.1a, upper rectangular panel carries title and author, text carried in medallion (shamsah) of lower panel difficult to make out ; textual dividers in red ; section headings, pen flourishes above قال، etc. rubricated.</subfield></datafield><datafield tag="500" ind1=" " ind2=" "><subfield code="a">Script: Naskh ; two elegant Syrian or Egyptian hands ; opening hand serifless with elongation of horizontal strokes and broad, sweeping descenders, pointing in distinct dots, alif maqṣūrah often pointed as yāʼ ; hand changes at fol.191a, much more rounded and freely ligatured.</subfield></datafield><datafield tag="500" ind1=" " ind2=" "><subfield code="a">Layout: Written in 23 lines per page in the first two quires and thereafter 25-27 lines per page ; impression of ruling board evident.</subfield></datafield><datafield tag="500" ind1=" " ind2=" "><subfield code="a">Collation: I (2), 15 V (152), IV (160), 3 V (190), III (196), I (198), 7 V (268), IV+1 (277) ; chiefly quinions ; lacks catchwords ; early quires (2nd through 19th) are numbered with ordinals written in Arabic (ثاني، ثالث، رابع، إلخ) in the upper corner of the outer margin on the recto of the first leaf of each quire ; foliation with Hindu-Arabic numerals (curious inverted nine) in black ink begins with "١" on second leaf, skips 222, hence final count is off ; pagination in pencil, Western numerals, supplied during cataloguing.</subfield></datafield><datafield tag="500" ind1=" " ind2=" "><subfield code="a">Dedication: "تم النصف الثاني من كتاب شرح القدوري للاقطع سنة ست عشرة وسبعمائة بتقديم الشيخ المهملة [?] وهو على مذهب الامام الاعظم المحرم ابي حنيفة النعمان غفر الله له ..."</subfield></datafield><datafield tag="500" ind1=" " ind2=" "><subfield code="a">Colophon: "Scribal," rectangular, reads: "تم هذا الكتاب على يد محمد بن شكر [؟] بن معلى شكرلك [...؟] الدبرى في شهور سنة ست عشرة وسبعمائة وهو يحمد الله ويصلي على نبيه محمد واله ويسلم ويسأل غفران الذنوب وستر العقوب وكشف الكروب امين"</subfield></datafield><datafield tag="500" ind1=" " ind2=" "><subfield code="a">Explicit: "وقدرها دائق ونصف وعلى هذا القياس تعمل جميع من [...?] المسائل"</subfield></datafield><datafield tag="500" ind1=" " ind2=" "><subfield code="a">Incipit: "بسم الله الرحمن الرحيم كتاب النكاح قال الشيخ ابو نصر احمد بن محمد البغدادي رحمة عليه النكاح في اللغة حقيقة ..."</subfield></datafield><datafield tag="500" ind1=" " ind2=" "><subfield code="a">Title from inscription on recto of front flyleaf.</subfield></datafield><datafield tag="500" ind1=" " ind2=" "><subfield code="a">Ms. codex.</subfield></datafield><datafield tag="510" ind1="4" ind2=" "><subfield code="a">Hajji Khalifah. Kashf al-ẓunūn,</subfield><subfield code="c">v 452</subfield></datafield><datafield tag="510" ind1="4" ind2=" "><subfield code="a">Brockelmann, C. GAL,</subfield><subfield code="c">I 175, a</subfield></datafield><datafield tag="520" ind1="8" ind2=" "><subfield code="a">Second volume of al-Aqṭaʻ's commentary on Mukhtaṣar al-Qudūrī, a compendium of Ḥanafī law. Added table of contents at opening of codex.</subfield></datafield><datafield tag="538" ind1=" " ind2=" "><subfield code="a">Mode of access: Internet.</subfield></datafield><datafield tag="541" ind1=" " ind2=" "><subfield code="a">Acquired in 1926 from the bookseller Isaac Benjamin S.E. Yahuda via purchase transacted on his behalf by Abraham Shalom Yahuda (1877-1951), his younger brother.</subfield></datafield><datafield tag="546" ind1=" " ind2=" "><subfield code="a">Arabic.</subfield></datafield><datafield tag="561" ind1=" " ind2=" "><subfield code="a">Collated with the exemplar 5 Rabīʻ II 744 [ca. 27 August 1343] by Abū Bakr, son of the amīr ʻAlāʼ al-Dīn al-Ṭunbughā (ابو بكر بن الجناب العالي علاء الدين الطنبغا), see collation statement on fol.277a ; and collation statement on fol.277a, reads "قوبل بنسخة اصله حسب الطاقة والاجتهاد في مجالس اخرها بعد اذان العصر من يوم الجمعة خامس ربيع الاخر سنة اربع واربعين وسبعمائة حسبنا الله ونعم الوكيل وكتبه [وانا ؟] العبد الفقير الى الله تعالى ابو بكر بن الجناب العالي ... علاء الدين الطنبغا ..." ; marks of collation "بلغ مقابلة، بلغ، الخ" throughout ; ownership / bequest statement on fol.277a in name of Aḥmad Ibn al-Lubūdī (احمد بن اللبودي), possibly the well-known scholar Aḥmad ibn Khalīl al-Lubūdī [al-Labbūdī], d.1491, statement reads "الحمد لله ملكه بالهبة الشرعية احمد بن اللبودى لطفه الله"; circular seal impression reading "... احمد" on fol.23b ; glosses and marginal corrections ; doodle of a flower on margin of fol.140a, perhaps to test the pen (pen trial).</subfield></datafield><datafield tag="600" ind1="1" ind2="0"><subfield code="a">Qudūrī, Aḥmad ibn Muḥammad,</subfield><subfield code="d">972 or 3-1037.</subfield><subfield code="t">Mukhtaṣar al-Qudūrī.</subfield></datafield><datafield tag="650" ind1=" " ind2="0"><subfield code="a">Manuscripts, Arabic</subfield><subfield code="z">Michigan</subfield><subfield code="z">Ann Arbor.</subfield></datafield><datafield tag="650" ind1=" " ind2="0"><subfield code="a">Hanafites</subfield><subfield code="v">Early works to 1800.</subfield></datafield><datafield tag="650" ind1=" " ind2="0"><subfield code="a">Islamic law</subfield><subfield code="v">Early works to 1800.</subfield></datafield><datafield tag="700" ind1="1" ind2=" "><subfield code="6">880-08</subfield><subfield code="a">Lubūdī, Aḥmad ibn Khalīl,</subfield><subfield code="d">1431-1491,</subfield><subfield code="e">former owner.</subfield></datafield><datafield tag="700" ind1="0" ind2=" "><subfield code="6">880-07</subfield><subfield code="a">Abū Bakr ibn ʻAlāʼ al-Dīn al-Ṭunbughā,</subfield><subfield code="d">fl. 1343,</subfield><subfield code="e">collator.</subfield></datafield><datafield tag="700" ind1="1" ind2=" "><subfield code="6">880-06</subfield><subfield code="a">Dabrī, Muḥammad ibn Shukr,</subfield><subfield code="d">fl. 1316,</subfield><subfield code="e">scribe.</subfield></datafield><datafield tag="773" ind1="0" ind2=" "><subfield code="a">Yahuda Collection.</subfield></datafield><datafield tag="880" ind1="0" ind2=" "><subfield code="6">700-08/</subfield><subfield code="a">احمد بن خليل اللبودي،</subfield><subfield code="e">مالك سابق.</subfield></datafield><datafield tag="880" ind1="0" ind2=" "><subfield code="6">700-07/</subfield><subfield code="a">ابو بكر بن علاء الدين الطنبغا،</subfield><subfield code="e">مقابل.</subfield></datafield><datafield tag="880" ind1="1" ind2=" "><subfield code="6">700-06/</subfield><subfield code="a">دبري, محمد بن شكر</subfield><subfield code="e">ناسخ.</subfield></datafield><datafield tag="880" ind1="3" ind2="8"><subfield code="6">246-05/</subfield><subfield code="a">شرح القدوري للاقطع</subfield></datafield><datafield tag="880" ind1="3" ind2=" "><subfield code="6">246-04/</subfield><subfield code="a">الجلد الثاني من شرح القدوري للاقطع</subfield></datafield><datafield tag="880" ind1="1" ind2="0"><subfield code="6">245-03/</subfield><subfield code="a">شرح القدوري للاقطع الجزء الثاني,</subfield><subfield code="f">[716ه, 1316 او 1317م].</subfield></datafield><datafield tag="880" ind1="1" ind2=" "><subfield code="6">100-01/</subfield><subfield code="a">اقطع, احمد بن محمد.</subfield></datafield><datafield tag="CID" ind1=" " ind2=" "><subfield code="a">006803217</subfield></datafield><datafield tag="DAT" ind1="0" ind2=" "><subfield code="a">20190719102636.0</subfield><subfield code="b">20190719000000.0</subfield></datafield><datafield tag="DAT" ind1="1" ind2=" "><subfield code="a">20190719090653.0</subfield><subfield code="b">2019-07-19T16:11:35Z</subfield></datafield><datafield tag="DAT" ind1="2" ind2=" "><subfield code="a">2015-10-02T18:00:03Z</subfield></datafield><datafield tag="CAT" ind1=" " ind2=" "><subfield code="a">SDR-MIU</subfield><subfield code="d">EX LIBRIS - ALEPH</subfield><subfield code="l">prepare.pl-004-008</subfield></datafield><datafield tag="FMT" ind1=" " ind2=" "><subfield code="a">BK</subfield></datafield><datafield tag="HOL" ind1=" " ind2=" "><subfield code="0">sdr-miu006803217</subfield><subfield code="a">MiU</subfield><subfield code="b">SDR</subfield><subfield code="c">MIU</subfield><subfield code="p">mdp.39015079126465</subfield><subfield code="s">MIU</subfield><subfield code="1">006803217</subfield></datafield><datafield tag="974" ind1=" " ind2=" "><subfield code="b">MIU</subfield><subfield code="c">MIU</subfield><subfield code="d">20190719</subfield><subfield code="s">lit-dlps-dc</subfield><subfield code="u">mdp.39015079126465</subfield><subfield code="y">1317</subfield><subfield code="r">pd</subfield><subfield code="q">bib</subfield><subfield code="t">non-US bib date2 &lt; 1879</subfield></datafield></record></collection>